<record><leader>00000cas a2200000 a 4500</leader><controlfield tag="001">34158863</controlfield><controlfield tag="008">960208d18681950nyuwr ne      0    0eng c</controlfield><datafield ind1=" " ind2=" " tag="010"><subfield code="a">sn 96083565 </subfield></datafield><datafield ind1=" " ind2=" " tag="040"><subfield code="a">NYS</subfield><subfield code="b">eng</subfield><subfield code="c">NYS</subfield><subfield code="d">OCLCQ</subfield><subfield code="d">NYS</subfield><subfield code="d">OCLCQ</subfield><subfield code="d">OCLCO</subfield><subfield code="d">OCLCF</subfield></datafield><datafield ind1="1" ind2=" " tag="029"><subfield code="a">AU@</subfield><subfield code="b">000025919419</subfield></datafield><datafield ind1=" " ind2=" " tag="042"><subfield code="a">pcc</subfield></datafield><datafield ind1=" " ind2=" " tag="043"><subfield code="a">n-us-ny</subfield></datafield><datafield ind1="0" ind2="4" tag="245"><subfield code="a">The Riverhead news.</subfield></datafield><datafield ind1=" " ind2=" " tag="260"><subfield code="a">Riverhead, N.Y. :</subfield><subfield code="b">J.G. Williamson</subfield></datafield><datafield ind1=" " ind2=" " tag="300"><subfield code="a">v.</subfield></datafield><datafield ind1=" " ind2=" " tag="310"><subfield code="a">Weekly</subfield></datafield><datafield ind1="1" ind2=" " tag="362"><subfield code="a">Established in 1868.</subfield><subfield code="z">Cf. Masthead.</subfield></datafield><datafield ind1="0" ind2=" " tag="362"><subfield code="a">-v. 83, no. 29 (July 21, 1950).</subfield></datafield><datafield ind1=" " ind2=" " tag="500"><subfield code="a">"Republican."</subfield></datafield><datafield ind1=" " ind2=" " tag="500"><subfield code="a">Publishers: Wm. R. Duval &lt;1892&gt;; Horace K. Williamson &lt;1922); Riverside News Inc. &lt;1950&gt;.</subfield></datafield><datafield ind1=" " ind2=" " tag="588"><subfield code="a">Description based on: Vol. 21, no. 18 (Mar. 6, 1889).</subfield></datafield><datafield ind1=" " ind2="0" tag="651"><subfield code="a">Riverhead (N.Y.)</subfield><subfield code="v">Newspapers.</subfield></datafield><datafield ind1=" " ind2="0" tag="651"><subfield code="a">Suffolk County (N.Y.)</subfield><subfield code="v">Newspapers.</subfield></datafield><datafield ind1=" " ind2="7" tag="655"><subfield code="a">Newspapers.</subfield><subfield code="2">fast</subfield><subfield code="0">(OCoLC)fst01423814</subfield></datafield><datafield ind1=" " ind2="7" tag="651"><subfield code="a">New York (State)</subfield><subfield code="z">Riverhead.</subfield><subfield code="2">fast</subfield><subfield code="0">(OCoLC)fst01927819</subfield></datafield><datafield ind1=" " ind2="7" tag="651"><subfield code="a">New York (State)</subfield><subfield code="z">Suffolk County.</subfield><subfield code="2">fast</subfield><subfield code="0">(OCoLC)fst01207260</subfield></datafield><datafield ind1=" " ind2=" " tag="752"><subfield code="a">United States</subfield><subfield code="b">New York</subfield><subfield code="c">Suffolk</subfield><subfield code="d">Riverhead.</subfield></datafield><datafield ind1="0" ind2="0" tag="780"><subfield code="t">Riverhead weekly news</subfield><subfield code="w">(DLC)sn 83031741</subfield><subfield code="w">(OCoLC)10041768</subfield></datafield><datafield ind1="0" ind2="7" tag="785"><subfield code="t">County review (Riverhead, N.Y.)</subfield><subfield code="w">(DLC)sn 84035791</subfield><subfield code="w">(OCoLC)11315428</subfield></datafield><datafield ind1="0" ind2="7" tag="785"><subfield code="t">News-review (Riverhead, N.Y.)</subfield><subfield code="w">(DLC)sn 84035792</subfield><subfield code="w">(OCoLC)11421357</subfield></datafield></record>